@online{vido,
	author = {Bill Jacobs},
	title = {OpenGL Video Tutorials},
	date = {2016},
	url = {http://www.videotutorialsrock.com/index.php}
}

@online{apple,
	author = {B.Stenseth},
	title = {Some Materials},
	date = {2009},
	url={http://www.it.hiof.no/~borres/j3d/explain/light/p-materials.html}

